
@ARTICLE{Z08,
author = {Zhang, Jun},
title = {Measuring the cosmic shear in Fourier space},
journal = {\mnras},
volume = {383},
number = {1},
pages = {113},
year = {2008},
doi = {10.1111/j.1365-2966.2007.12585.x},
URL = { + http://dx.doi.org/10.1111/j.1365-2966.2007.12585.x},
eprint = {/oup/backfile/Content_public/Journal/mnras/383/1/10.1111/j.1365-2966.2007.12585.x/2/mnras0383-0113.pdf}
}

@ARTICLE{FPFS-Li2018,
       author = {{Li}, Xiangchong and {Katayama}, Nobuhiko and {Oguri}, Masamune and
         {More}, Surhud},
        title = "{Fourier Power Function Shapelets (FPFS) shear estimator: performance on image simulations}",
      journal = {\mnras},
     keywords = {gravitational lensing: weak, cosmology: observations, techniques: image processing, Astrophysics - Cosmology and Nongalactic Astrophysics},
         year = 2018,
        month = dec,
       volume = {481},
       number = {4},
        pages = {4445-4460},
          doi = {10.1093/mnras/sty2548},
archivePrefix = {arXiv},
       eprint = {1805.08514},
 primaryClass = {astro-ph.CO},
       adsurl = {https://ui.adsabs.harvard.edu/abs/2018MNRAS.481.4445L},
      adsnote = {Provided by the SAO/NASA Astrophysics Data System}
}

@ARTICLE{polar_shapelets,
   author = {{Massey}, R. and {Refregier}, A.},
    title = "{Polar shapelets}",
  journal = {\mnras},
   eprint = {astro-ph/0408445},
 keywords = {methods: analytical, methods: data analysis, techniques: image processing, galaxies: fundamental parameters},
     year = 2005,
    month = oct,
   volume = 363,
    pages = {197-210},
      doi = {10.1111/j.1365-2966.2005.09453.x},
   adsurl = {http://adsabs.harvard.edu/abs/2005MNRAS.363..197M},
  adsnote = {Provided by the SAO/NASA Astrophysics Data System}
}

@ARTICLE{Z15,
   author = {{Zhang}, J. and {Luo}, W. and {Foucaud}, S.},
    title = "{Accurate shear measurement with faint sources}",
  journal = {\jcap},
archivePrefix = "arXiv",
   eprint = {1312.5514},
     year = 2015,
    month = jan,
   volume = 1,
      eid = {024},
    pages = {24},
      doi = {10.1088/1475-7516/2015/01/024},
   adsurl = {http://adsabs.harvard.edu/abs/2015JCAP...01..024Z},
  adsnote = {Provided by the SAO/NASA Astrophysics Data System}
}

@ARTICLE{HSC1-GREAT3Sim,
       author = {{Mandelbaum}, Rachel and {Lanusse}, Francois and
         {Leauthaud}, Alexie and {Armstrong}, Robert and {Simet}, Melanie and
         {Miyatake}, Hironao and {Meyers}, Joshua E. and {Bosch}, James and
         {Murata}, Ryoma and {Miyazaki}, Satoshi},
        title = "{Weak lensing shear calibration with simulations of the HSC survey}",
      journal = {\mnras},
     keywords = {gravitational lensing: weak, methods: data analysis, methods: numerical, techniques: image processing, Astrophysics - Cosmology and Nongalactic Astrophysics, Astrophysics - Instrumentation and Methods for Astrophysics},
         year = "2018",
        month = "Dec",
       volume = {481},
       number = {3},
        pages = {3170-3195},
          doi = {10.1093/mnras/sty2420},
archivePrefix = {arXiv},
       eprint = {1710.00885},
 primaryClass = {astro-ph.CO},
       adsurl = {https://ui.adsabs.harvard.edu/abs/2018MNRAS.481.3170M},
      adsnote = {Provided by the SAO/NASA Astrophysics Data System}
}

@ARTICLE{metacal-Sheldon2017,
   author = {{Sheldon}, E.~S. and {Huff}, E.~M.},
    title = "{Practical Weak-lensing Shear Measurement with Metacalibration}",
  journal = {pj},
archivePrefix = "arXiv",
   eprint = {1702.02601},
 keywords = {cosmology: observations, gravitational lensing: weak, methods: observational},
     year = 2017,
    month = may,
   volume = 841,
      eid = {24},
    pages = {24},
      doi = {10.3847/1538-4357/aa704b},
   adsurl = {http://adsabs.harvard.edu/abs/2017ApJ...841...24S},
  adsnote = {Provided by the SAO/NASA Astrophysics Data System}
}

@ARTICLE{GalSim,
   author = {{Rowe}, B.~T.~P. and {Jarvis}, M. and {Mandelbaum}, R. and {Bernstein}, G.~M. and
 {Bosch}, J. and {Simet}, M. and {Meyers}, J.~E. and {Kacprzak}, T. and
 {Nakajima}, R. and {Zuntz}, J. and {Miyatake}, H. and {Dietrich}, J.~P. and
 {Armstrong}, R. and {Melchior}, P. and {Gill}, M.~S.~S.},
    title = "{GALSIM: The modular galaxy image simulation toolkit}",
  journal = {Astronomy and Computing},
archivePrefix = "arXiv",
   eprint = {1407.7676},
 primaryClass = "astro-ph.IM",
 keywords = {Methods: data analysis, Techniques: image processing, Gravitational lensing, Cosmology: observations},
     year = 2015,
    month = apr,
   volume = 10,
    pages = {121-150},
      doi = {10.1016/j.ascom.2015.02.002},
   adsurl = {http://adsabs.harvard.edu/abs/2015A%26C....10..121R},
  adsnote = {Provided by the SAO/NASA Astrophysics Data System}
}

@ARTICLE{Sersic1963,
   author = {{S{\'e}rsic}, J.~L.},
    title = "{Influence of the atmospheric and instrumental dispersion on the brightness distribution in a galaxy}",
  journal = {Boletin de la Asociacion Argentina de Astronomia La Plata Argentina},
     year = 1963,
   volume = 6,
    pages = {41},
   adsurl = {http://adsabs.harvard.edu/abs/1963BAAA....6...41S},
  adsnote = {Provided by the SAO/NASA Astrophysics Data System}
}

