@ARTICLE{Z08,
author = {Zhang, Jun},
title = {Measuring the cosmic shear in Fourier space},
journal = {\mnras},
volume = {383},
number = {1},
pages = {113},
year = {2008},
doi = {10.1111/j.1365-2966.2007.12585.x},
URL = { + http://dx.doi.org/10.1111/j.1365-2966.2007.12585.x},
eprint = {/oup/backfile/Content_public/Journal/mnras/383/1/10.1111/j.1365-2966.2007.12585.x/2/mnras0383-0113.pdf}
}

@ARTICLE{FPFS-Li2018,
       author = {{Li}, Xiangchong and {Katayama}, Nobuhiko and {Oguri}, Masamune and
         {More}, Surhud},
        title = "{Fourier Power Function Shapelets (FPFS) shear estimator: performance on image simulations}",
      journal = {\mnras},
     keywords = {gravitational lensing: weak, cosmology: observations, techniques: image processing, Astrophysics - Cosmology and Nongalactic Astrophysics},
         year = 2018,
        month = dec,
       volume = {481},
       number = {4},
        pages = {4445-4460},
          doi = {10.1093/mnras/sty2548},
archivePrefix = {arXiv},
       eprint = {1805.08514},
 primaryClass = {astro-ph.CO},
       adsurl = {https://ui.adsabs.harvard.edu/abs/2018MNRAS.481.4445L},
      adsnote = {Provided by the SAO/NASA Astrophysics Data System}
}

@ARTICLE{polar_shapelets,
   author = {{Massey}, R. and {Refregier}, A.},
    title = "{Polar shapelets}",
  journal = {\mnras},
   eprint = {astro-ph/0408445},
 keywords = {methods: analytical, methods: data analysis, techniques: image processing, galaxies: fundamental parameters},
     year = 2005,
    month = oct,
   volume = 363,
    pages = {197-210},
      doi = {10.1111/j.1365-2966.2005.09453.x},
   adsurl = {http://adsabs.harvard.edu/abs/2005MNRAS.363..197M},
  adsnote = {Provided by the SAO/NASA Astrophysics Data System}
}

@ARTICLE{Z15,
   author = {{Zhang}, J. and {Luo}, W. and {Foucaud}, S.},
    title = "{Accurate shear measurement with faint sources}",
  journal = {\jcap},
archivePrefix = "arXiv",
   eprint = {1312.5514},
     year = 2015,
    month = jan,
   volume = 1,
      eid = {024},
    pages = {24},
      doi = {10.1088/1475-7516/2015/01/024},
   adsurl = {http://adsabs.harvard.edu/abs/2015JCAP...01..024Z},
  adsnote = {Provided by the SAO/NASA Astrophysics Data System}
}

